@inproceedings{chen2016overcoming,
  title={Overcoming calibration problems in pattern labeling with pairwise ratings: application to personality traits},
  author={Chen, Baiyu and Escalera, Sergio and Guyon, Isabelle and Ponce-L{\'o}pez, V{\'\i}ctor and Shah, Nihar and Sim{\'o}n, Marc Oliu},
  booktitle={European Conference on Computer Vision},
  pages={419--432},
  year={2016},
  organization={Springer}
}
@article{escalante2018explaining,
  title={Explaining first impressions: modeling, recognizing, and explaining apparent personality from videos},
  author={Escalante, Hugo Jair and Kaya, Heysem and Salah, Albert Ali and Escalera, Sergio and Gucluturk, Yagmur and Guclu, Umut and Bar{\'o}, Xavier and Guyon, Isabelle and Junior, Julio Jacques and Madadi, Meysam and others},
  journal={arXiv preprint arXiv:1802.00745},
  year={2018}
}
@inproceedings{quercia2011our,
  title={Our twitter profiles, our selves: Predicting personality with twitter},
  author={Quercia, Daniele and Kosinski, Michal and Stillwell, David and Crowcroft, Jon},
  booktitle={2011 IEEE third international conference on privacy, security, risk and trust and 2011 IEEE third international conference on social computing},
  pages={180--185},
  year={2011},
  organization={IEEE}
}
@article{allbeck2008creating,
  title={Creating crowd variation with the ocean personality model},
  author={Allbeck, Jan M and Badler, Norman I},
  year={2008}
}
@article{norman1963toward,
  title={Toward an adequate taxonomy of personality attributes: Replicated factor structure in peer nomination personality ratings.},
  author={Norman, Warren T},
  journal={The Journal of Abnormal and Social Psychology},
  volume={66},
  number={6},
  pages={574},
  year={1963},
  publisher={American Psychological Association}
}
@article{costa1992normal,
  title={Normal personality assessment in clinical practice: The NEO Personality Inventory.},
  author={Costa, Paul T and McCrae, Robert R},
  journal={Psychological assessment},
  volume={4},
  number={1},
  pages={5},
  year={1992},
  publisher={American Psychological Association}
}
@article{russell1980circumplex,
  title={A circumplex model of affect.},
  author={Russell, James A},
  journal={Journal of personality and social psychology},
  volume={39},
  number={6},
  pages={1161},
  year={1980},
  publisher={American Psychological Association}
}
@book{escalante2018explainable,
  title={Explainable and interpretable models in computer vision and machine learning},
  author={Escalante, Hugo Jair and Escalera, Sergio and Guyon, Isabelle and Bar{\'o}, Xavier and G{\"u}{\c{c}}l{\"u}t{\"u}rk, Ya{\u{g}}mur and G{\"u}{\c{c}}l{\"u}, Umut and Van Gerven, Marcel},
  year={2018},
  publisher={Springer}
}
@article{escalante2020modeling,
  title={Modeling, Recognizing, and Explaining Apparent Personality from Videos},
  author={Escalante, Hugo Jair and Kaya, Heysem and Salah, Albert Ali and Escalera, Sergio and G{\"u}{\c{c}}, Ya{\u{g}}mur and G{\"u}{\c{c}}l{\"u}, Umut and Bar{\'o}, Xavier and Guyon, Isabelle and Jacques, Julio CS and Madadi, Meysam and others},
  journal={IEEE Transactions on Affective Computing},
  year={2020},
  publisher={IEEE}
}